@online{team_password,
	author={TeamPassword},
	title={What is password encryption and how does it work?},
	year={2023},
	url={https://teampassword.com/blog/what-is-password-encryption-and-how-much-is-enough}
}